<?xml version="1.0" encoding="UTF-8"?><collection xmlns="http://www.loc.gov/MARC21/slim"><record><leader>00391nam--2200145-i-4500</leader><controlfield tag="001">000007101</controlfield><controlfield tag="002">20161230</controlfield><controlfield tag="005">20161230201027</controlfield><controlfield tag="008">060222s1000------------r-----000-0-eng-d</controlfield><datafield ind1=" " ind2=" " tag="080"><subfield code="a">..</subfield></datafield><datafield ind1=" " ind2=" " tag="100"><subfield code="a">Cairns, T</subfield></datafield><datafield ind1=" " ind2=" " tag="245"><subfield code="a">Spectroscopic problems in organic chemistry. vol.l</subfield></datafield><datafield ind1=" " ind2=" " tag="260"><subfield code="a">London,Heyden And Son Ltd.,1964. /63 File</subfield></datafield><datafield ind1=" " ind2=" " tag="490"><subfield code="a">Spectroscopiy In Education Series</subfield></datafield><datafield ind1=" " ind2=" " tag="852"><subfield code="a">21161</subfield></datafield></record></collection>